<collection xmlns="http://www.loc.gov/MARC21/slim">
<record>
  <leader>02762nam0a22002891i 450 </leader>
  <controlfield tag="001">IT\ICCU\CNCE\054686</controlfield>
  <controlfield tag="005">20160510000000.0</controlfield>
  <datafield tag="100" ind1=" " ind2=" ">
    <subfield code="a">20031110d1515        0itac0103    ba</subfield>
  </datafield>
  <datafield tag="101" ind1=" " ind2=" ">
    <subfield code="a">LAT</subfield>
  </datafield>
  <datafield tag="102" ind1=" " ind2=" ">
    <subfield code="a">IT</subfield>
  </datafield>
  <datafield tag="200" ind1="1" ind2=" ">
    <subfield code="a">Tractatus fecundus et perutilis profunde subtilisque ac quottidiane \!! materie omnis prescriptionis tam ciuilis quam canonice, qui de prescriptionibus inscribitur. Editus per preclarum iuris vtriusque doctorem dominum Ioannem Franciscum Balbum de Auillania ciuem Taurini in felici gymnasio Taurinensi lectionem ordinariam vespertinam iuris ciuilis interpretantem, cui pro materie complemento annectitur copiosa repetitio solemnis et peculiaris l. Celsus ff. de vsucapionibus per eundem edita. Superadditis vbique opportunis multisque alijs additionibus ... et cum repertorio seu tabula Hieronymi de Marliano Mediolanensis nouissime edita</subfield>
  </datafield>
  <datafield tag="210" ind1=" " ind2=" ">
    <subfield code="d">1515</subfield>
    <subfield code="e">Mediolani</subfield>
    <subfield code="g">per Io. Angelum Scinzenzeler</subfield>
    <subfield code="g">impensis Io Iacobi et fratrum de Lignano mercatorum Mediolanensium</subfield>
    <subfield code="h">1515 die 15 Maij</subfield>
  </datafield>
  <datafield tag="215" ind1=" " ind2=" ">
    <subfield code="a">2 pt.</subfield>
    <subfield code="d">fol</subfield>
  </datafield>
  <datafield tag="300" ind1=" " ind2=" ">
    <subfield code="a">2: Repertorium seu tabula Hieronymi de Marliano Mediolanensis. Ad fecundum et perutile tractatum preclari I. U. docto. domini Io. Francisci Balbi de Viliania ciuis Taurini, qui de prescriptionibus inscribitur et ad copiosam repetitionem ... - (Impressa Mediolani : per Io. Angelum Scinzenzeler : impensis Io. Iacobi et fratrum de Lignano mercatorum Mediolanensium, 1515 die IIII mensis Augusti)</subfield>
  </datafield>
  <datafield tag="423" ind1=" " ind2="0">
    <subfield code="1">001IT\ICCU\CNCE\054699</subfield>
    <subfield code="1">2001 </subfield>
    <subfield code="a">Repertorium seu tabula Hieronymi de Marliano Mediolanensis. Ad secundum et perutile tractatum preclari I.U. docto. domini Io. Francisci Balbi de Viliania ciuis Taurini, qui de prescriptionibus inscribitur et ad copiosam repetitionem ...</subfield>
  </datafield>
  <datafield tag="620" ind1=" " ind2=" ">
    <subfield code="a">IT</subfield>
    <subfield code="d">Milano</subfield>
  </datafield>
  <datafield tag="700" ind1=" " ind2="1">
    <subfield code="a">Balbo,</subfield>
    <subfield code="b">Giovanni Francesco</subfield>
    <subfield code="3">IT\ICCU\CNCA\001312</subfield>
  </datafield>
  <datafield tag="702" ind1=" " ind2="1">
    <subfield code="a">Marliani,</subfield>
    <subfield code="b">Girolamo</subfield>
    <subfield code="c"> &lt;milanese&gt;</subfield>
    <subfield code="3">IT\ICCU\CNCA\001009</subfield>
  </datafield>
  <datafield tag="702" ind1=" " ind2="1">
    <subfield code="a">Celsus,</subfield>
    <subfield code="b">Publius Iuventius</subfield>
    <subfield code="3">IT\ICCU\CNCA\001010</subfield>
  </datafield>
  <datafield tag="712" ind1="0" ind2="0">
    <subfield code="a">Scinzenzeler, Giovanni Angelo</subfield>
    <subfield code="3">IT\ICCU\CNCT\000084</subfield>
    <subfield code="4">650</subfield>
  </datafield>
  <datafield tag="712" ind1="0" ind2="0">
    <subfield code="a">Da_Legnano, Giovanni Giacomo &amp; fratelli</subfield>
    <subfield code="3">IT\ICCU\CNCT\001554</subfield>
    <subfield code="4">650</subfield>
  </datafield>
  <datafield tag="790" ind1=" " ind2="1">
    <subfield code="a">Balbi,</subfield>
    <subfield code="b">Giovanni Francesco</subfield>
    <subfield code="3">IT\ICCU\CNCA\017038</subfield>
    <subfield code="z">Balbo, Giovanni Francesco</subfield>
  </datafield>
  <datafield tag="790" ind1=" " ind2="0">
    <subfield code="a">Hieronymus</subfield>
    <subfield code="c"> : de#Marliano</subfield>
    <subfield code="3">IT\ICCU\CNCA\014384</subfield>
    <subfield code="z">Marliani, Girolamo &lt;milanese&gt;</subfield>
  </datafield>
  <datafield tag="790" ind1=" " ind2="1">
    <subfield code="a">Marliano,</subfield>
    <subfield code="b"> Hieronymus : de</subfield>
    <subfield code="3">IT\ICCU\CNCA\029296</subfield>
    <subfield code="z">Marliani, Girolamo &lt;milanese&gt;</subfield>
  </datafield>
  <datafield tag="791" ind1="0" ind2="0">
    <subfield code="a">Schinzenzeler, Giovanni Angelo</subfield>
    <subfield code="3">IT\ICCU\CNCT\005621</subfield>
    <subfield code="z">Scinzenzeler, Giovanni Angelo</subfield>
  </datafield>
  <datafield tag="801" ind1=" " ind2="3">
    <subfield code="a">IT</subfield>
    <subfield code="b">ICCU</subfield>
    <subfield code="c">20201115</subfield>
  </datafield>
  <datafield tag="921" ind1=" " ind2=" ">
    <subfield code="a">IT\ICCU\CNCM\000650</subfield>
    <subfield code="b">Angelo sostiene tra le braccia l&apos;ostia raggiante con al centro il monogramma di Cristo e intorno al cerchio: Io. Iacomo e frat. D. Legnano. In basso: IOL</subfield>
    <subfield code="c">K83</subfield>
    <subfield code="c">Z88</subfield>
    <subfield code="f">ANGELO</subfield>
    <subfield code="f">IHS</subfield>
    <subfield code="f">IOIACOMOEF</subfield>
    <subfield code="f">IOL</subfield>
    <subfield code="f">OSTIA</subfield>
    <subfield code="g">1512-[non dopo il 1525]</subfield>
  </datafield>
</record>
</collection>
